<?xml version="1.0" encoding="UTF-8"?><collection xmlns="http://www.loc.gov/MARC21/slim"><record><leader>00554nam--2200169-u-4500</leader><controlfield tag="001">000053524</controlfield><controlfield tag="002">20161230</controlfield><controlfield tag="005">20161230201051</controlfield><controlfield tag="008">110411s1000------------r-----000-0-eng-d</controlfield><datafield ind1=" " ind2=" " tag="040"><subfield code="a">IFIN-HH</subfield></datafield><datafield ind1="1" ind2=" " tag="100"><subfield code="a">Fumarel, Radu-george</subfield></datafield><datafield ind1="1" ind2="0" tag="245"><subfield code="a">Studiul interactiei fasciculelor optice cu moleculele de citostatice utilizate in chimioterapia cancerului</subfield><subfield code="b">Teza</subfield><subfield code="c">Radu-george fumarel</subfield></datafield><datafield ind1=" " ind2=" " tag="260"><subfield code="a">Bucuresti</subfield><subfield code="b">Ifa</subfield><subfield code="c">2008</subfield></datafield><datafield ind1=" " ind2=" " tag="300"><subfield code="a">111P</subfield></datafield><datafield ind1=" " ind2=" " tag="502"><subfield code="a">Conducator Stiintific: Prof. Dr. Mihail-lucian Pascu</subfield></datafield><datafield ind1=" " ind2=" " tag="852"><subfield code="a">82248</subfield><subfield code="c">577.1</subfield></datafield><datafield ind1=" " ind2=" " tag="CAT"><subfield code="a">Sys</subfield><subfield code="c">20110411</subfield><subfield code="h">143747</subfield></datafield></record></collection>